@article{Yang2017-qg,
  title    = {Identifying cis-mediators for {trans-eQTLs} across many human
              tissues using genomic mediation analysis},
  author   = {Yang, Fan and Wang, Jiebiao and {GTEx Consortium} and Pierce,
              Brandon L and Chen, Lin S},
  year     = {2017},
  journal  = {Genome Research},
  keywords = {peerconsortia},
  pubmed   = {29021290},
  pmcid    = {PMC5668943},
  doi      = {10.1101/gr.216754.116}
}

@article{Tukiainen2017-tb,
  title    = {Landscape of {X} chromosome inactivation across human tissues},
  author   = {Tukiainen, Taru and Villani, Alexandra-Chlo{\'e} and Yen, Angela
              and Rivas, Manuel A and Marshall, Jamie L and Satija, Rahul and
              Aguirre, Matt and Gauthier, Laura and Fleharty, Mark and Kirby,
              Andrew and Cummings, Beryl B and Castel, Stephane E and
              Karczewski, Konrad J and Aguet, Fran{\c c}ois and Byrnes, Andrea
              and {GTEx Consortium} and {Laboratory, Data Analysis
              \&Coordinating Center (LDACC)---Analysis Working Group} and
              {Statistical Methods groups---Analysis Working Group} and
              {Enhancing GTEx (eGTEx) groups} and {NIH Common Fund} and
              {NIH/NCI} and {NIH/NHGRI} and {NIH/NIMH} and {NIH/NIDA} and
              {Biospecimen Collection Source Site---NDRI} and {Biospecimen
              Collection Source Site---RPCI} and {Biospecimen Core
              Resource---VARI} and {Brain Bank Repository---University of Miami
              Brain Endowment Bank} and {Leidos Biomedical---Project
              Management} and {ELSI Study} and {Genome Browser Data Integration
              \&Visualization---EBI} and {Genome Browser Data Integration
              \&Visualization---UCSC Genomics Institute, University of
              California Santa Cruz} and Lappalainen, Tuuli and Regev, Aviv and
              Ardlie, Kristin G and Hacohen, Nir and MacArthur, Daniel G},
  year     =  {2017},
  journal  = {Nature},
  keywords = {peerconsortia},
  pubmed   = {29022598},
  pmcid    = {PMC5685192},
  doi      = {10.1038/nature24265},
}

@article{Tan2017-xb,
  title    = {Dynamic landscape and regulation of {RNA} editing in mammals},
  author   = {Tan, Meng How and Li, Qin and Shanmugam, Raghuvaran and Piskol,
              Robert and Kohler, Jennefer and Young, Amy N and Liu, Kaiwen Ivy
              and Zhang, Rui and Ramaswami, Gokul and Ariyoshi, Kentaro and
              Gupte, Ankita and Keegan, Liam P and George, Cyril X and Ramu,
              Avinash and Huang, Ni and Pollina, Elizabeth A and Leeman, Dena S
              and Rustighi, Alessandra and Goh, Y P Sharon and {GTEx
              Consortium} and {Laboratory, Data Analysis \&Coordinating Center
              (LDACC)---Analysis Working Group} and {Statistical Methods
              groups---Analysis Working Group} and {Enhancing GTEx (eGTEx)
              groups} and {NIH Common Fund} and {NIH/NCI} and {NIH/NHGRI} and
              {NIH/NIMH} and {NIH/NIDA} and {Biospecimen Collection Source
              Site---NDRI} and {Biospecimen Collection Source Site---RPCI} and
              {Biospecimen Core Resource---VARI} and {Brain Bank
              Repository---University of Miami Brain Endowment Bank} and
              {Leidos Biomedical---Project Management} and {ELSI Study} and
              {Genome Browser Data Integration \&Visualization---EBI} and
              {Genome Browser Data Integration \&Visualization---UCSC Genomics
              Institute, University of California Santa Cruz} and Chawla, Ajay
              and Del Sal, Giannino and Peltz, Gary and Brunet, Anne and
              Conrad, Donald F and Samuel, Charles E and O'Connell, Mary A and
              Walkley, Carl R and Nishikura, Kazuko and Li, Jin Billy},
  year     =  {2017},
  journal  = {Nature},
  keywords = {peerconsortia},
  pubmed   = {29022589},
  pmcid    = {PMC5723435},
  doi      = {10.1038/nature24041}
}

@article{Saha2017-xo,
  title    = {Co-expression networks reveal the tissue-specific regulation of
              transcription and splicing},
  author   = {Saha, Ashis and Kim, Yungil and Gewirtz, Ariel D H and Jo, Brian
              and Gao, Chuan and McDowell, Ian C and {GTEx Consortium} and
              Engelhardt, Barbara E and Battle, Alexis},
  journal  = {Genome Research},
  year     = {2017},
  keywords = {peerconsortia},
  pubmed   = {29021288},
  pmcid    = {PMC5668942},
  doi      = {10.1101/gr.216721.116}
}

@article{Li2017-hb,
  title    = {The impact of rare variation on gene expression across tissues},
  author   = {Li, Xin and Kim, Yungil and Tsang, Emily K and Davis, Joe R and
              Damani, Farhan N and Chiang, Colby and Hess, Gaelen T and
              Zappala, Zachary and Strober, Benjamin J and Scott, Alexandra J
              and Li, Amy and Ganna, Andrea and Bassik, Michael C and Merker,
              Jason D and {GTEx Consortium} and {Laboratory, Data Analysis
              \&Coordinating Center (LDACC)---Analysis Working Group} and
              {Statistical Methods groups---Analysis Working Group} and
              {Enhancing GTEx (eGTEx) groups} and {NIH Common Fund} and
              {NIH/NCI} and {NIH/NHGRI} and {NIH/NIMH} and {NIH/NIDA} and
              {Biospecimen Collection Source Site---NDRI} and {Biospecimen
              Collection Source Site---RPCI} and {Biospecimen Core
              Resource---VARI} and {Brain Bank Repository---University of Miami
              Brain Endowment Bank} and {Leidos Biomedical---Project
              Management} and {ELSI Study} and {Genome Browser Data Integration
              \&Visualization---EBI} and {Genome Browser Data Integration
              \&Visualization---UCSC Genomics Institute, University of
              California Santa Cruz} and Hall, Ira M and Battle, Alexis and
              Montgomery, Stephen B},
  journal  = {Nature},
  year     = {2017},
  keywords = {peerconsortia},
  pubmed   = {29022581},
  pmcid    = {PMC5877409},
  doi      = {10.1038/nature24267}
}

@article{GTEx_Consortium2017-za,
  title    = {Genetic effects on gene expression across human tissues},
  author   = {{GTEx Consortium} and {Laboratory, Data Analysis \&Coordinating
              Center (LDACC)---Analysis Working Group} and {Statistical Methods
              groups---Analysis Working Group} and {Enhancing GTEx (eGTEx)
              groups} and {NIH Common Fund} and {NIH/NCI} and {NIH/NHGRI} and
              {NIH/NIMH} and {NIH/NIDA} and {Biospecimen Collection Source
              Site---NDRI} and {Biospecimen Collection Source Site---RPCI} and
              {Biospecimen Core Resource---VARI} and {Brain Bank
              Repository---University of Miami Brain Endowment Bank} and
              {Leidos Biomedical---Project Management} and {ELSI Study} and
              {Genome Browser Data Integration \&Visualization---EBI} and
              {Genome Browser Data Integration \&Visualization---UCSC Genomics
              Institute, University of California Santa Cruz} and {Lead
              analysts:} and {Laboratory, Data Analysis \&Coordinating Center
              (LDACC):} and {NIH program management:} and {Biospecimen
              collection:} and {Pathology:} and {eQTL manuscript working
              group:} and Battle, Alexis and Brown, Christopher D and
              Engelhardt, Barbara E and Montgomery, Stephen B},
  journal  = {Nature},
  year     = {2017},
  keywords = {peerconsortia},
  pubmed   = {29022597},
  pmcid    = {PMC5776756},
  doi      = {10.1038/nature24277}
}

@article{EGTEx_Project2017-qb,
  title    = {Enhancing {GTEx} by bridging the gaps between genotype, gene
              expression, and disease},
  author   = {eGTEx Project},
  journal  = {Nature Genetics},
  year     = {2017},
  keywords = {peerconsortia},
  pubmed   = {29019975},
  pmcid    = {PMC6636856},
  doi      = {10.1038/ng.3969}
}
