@Article{Verstappen2020-zt,
  title = {Gene expression profiling of epithelium-associated {FcRL4+} {B}
             cells in primary Sj{\"o}gren's syndrome reveals a pathogenic
             signature},
  author = {Gwenny M Verstappen and John A Ice and Hendrika Bootsma and Sarah Pringle and Erlin A Haacke and Kim {de Lange} and Gerben B {van der Vries} and Peter F Hickey and Arjan Vissink and Frederik K L Spijkervet and Christopher J Lessard and Frans G M Kroese},
  journal = {Journal of Autoimmunity},
  year = {2020},
  keywords = {peerjournal},
  pubmed = {32800095},
  pmcid = {0},
  doi = {10.1016/j.jaut.2020.102439},
  author+an = {1=first,corresponding; 8=highlight; 11=corresponding;
              12=corresponding},
  corresponding_authors = {Verstappen, Lessard, Kroese},
}

@Article{Su2020-fu,
  title = {{CellBench}: {R/Bioconductor} software for comparing single-cell
              {RNA-seq} analysis methods},
  author = {Shian Su and Luyi Tian and Xueyi Dong and Peter F Hickey and Saskia Freytag and Matthew E Ritchie},
  journal = {Bioinformatics},
  year = {2020},
  keywords = {peerjournal},
  pubmed = {31778143},
  pmcid = {PMC7141847},
  doi = {10.1093/bioinformatics/btz889},
  author+an = {1=first,corresponding; 4=highlight; 6=corresponding},
  corresponding_authors = {Su, Ritchie},
}

@Article{Love2020-wd,
  title = {Tximeta: Reference sequence checksums for provenance
              identification in {RNA-seq}},
  author = {Michael I Love and Charlotte Soneson and Peter F Hickey and Lisa K Johnson and N Tessa Pierce and Lori Shepherd and Martin Morgan and Rob Patro},
  journal = {PLoS Computational Biology},
  year = {2020},
  keywords = {peerjournal},
  pubmed = {32097405},
  pmcid = {PMC7059966},
  doi = {10.1371/journal.pcbi.1007664},
  author+an = {1=first,corresponding; 3=highlight},
  corresponding_authors = {Love},
}

@Article{Seillet2020-kl,
  title = {The neuropeptide {VIP} confers anticipatory mucosal immunity by
              regulating {ILC3} activity},
  author = {Cyril Seillet and Kylie Luong and Julie Tellier and Nicolas Jacquelot and Rui Dong Shen and Peter F Hickey and Verena C Wimmer and Lachlan Whitehead and Kelly Rogers and Gordon K Smyth and Alexandra L Garnham and Matthew E Ritchie and Gabrielle T Belz},
  journal = {Nature Immunology},
  year = {2020},
  keywords = {peerjournal},
  pubmed = {31873294},
  doi = {10.1038/s41590-019-0567-y},
  author+an = {1=first,corresponding; 6=highlight; 13=corresponding},
  corresponding_authors = {Belz},
}

@Article{Koay2019-pz,
  title = {A divergent transcriptional landscape underpins the development
              and functional branching of {MAIT} cells},
  author = {H-F Koay and S Su and D Amann-Zalcenstein and S R Daley and I Comerford and L Miosge and C E Whyte and I E Konstantinov and Y d'Udekem and T Baldwin and P F Hickey and S P Berzins and J Y W Mak and Y Sontani and C M Roots and T Sidwell and A Kallies and Z Chen and S Nüssing and K Kedzierska and L K Mackay and S R McColl and E K Deenick and D P Fairlie and J McCluskey and C C Goodnow and M E Ritchie and G T Belz and S H Naik and D G Pellicci and D I Godfrey},
  journal = {Science Immunology},
  year = {2019},
  keywords = {peerjournal},
  pubmed = {31757835},
  doi = {10.1126/sciimmunol.aay6039},
  author+an = {1=first; 11=highlight; 30=corresponding; 31=corresponding},
  corresponding_authors = {Pellici, Godfrey},
}

@Article{Jansz2018-sj,
  title = {Smchd1 Targeting to the Inactive {X} Is Dependent on the
              {Xist-HnrnpK-PRC1} Pathway},
  author = {Natasha Jansz and Tatyana Nesterova and Andrew Keniry and Megan Iminitoff and Peter F Hickey and Greta Pintacuda and Osamu Masui and Simon Kobelke and Niall Geoghegan and Kelsey A Breslin and Tracy A Willson and Kelly Rogers and Graham F Kay and Archa H Fox and Haruhiko Koseki and Neil Brockdorff and James M Murphy and Marnie E Blewitt},
  journal = {Cell Reports},
  year = {2018},
  keywords = {peerjournal},
  pubmed = {30428357},
  doi = {10.1016/j.celrep.2018.10.044},
  author+an = {1=first; 5=highlight; 18=corresponding},
  corresponding_authors = {Blewitt},
}

@Article{Jansz2018-ho,
  title = {Smchd1 regulates long-range chromatin interactions on the
              inactive {X} chromosome and at Hox clusters},
  author = {Natasha Jansz and Andrew Keniry and Marie Trussart and Heidi Bildsoe and Tamara Beck and Ian D Tonks and Arne W Mould and Peter F Hickey and Kelsey Breslin and Megan Iminitoff and Matthew E Ritchie and Edwina McGlinn and Graham F Kay and James M Murphy and Marnie E Blewitt},
  journal = {Nature Structural \& Molecular Biology},
  year = {2018},
  keywords = {peerjournal},
  pubmed = {30127357},
  doi = {10.1038/s41594-018-0111-z},
  author+an = {1=first; 8=highlight; 15=corresponding},
  corresponding_authors = {Blewitt},
}

@Article{Hickey2018-nk,
  title = {A Novel Apparatus to Measure Knee Flexor Strength During Various
              Hamstring Exercises: A Reliability and Retrospective Injury Study},
  author = {Jack T Hickey and Peter F Hickey and Nirav Maniar and Ryan G Timmins and Morgan D Williams and Christian A Pitcher and David A Opar},
  journal = {The Journal of Orthopaedic and Sports Physical Therapy},
  year = {2018},
  keywords = {peerjournal},
  pubmed = {29073840},
  doi = {10.2519/jospt.2018.7634},
  author+an = {1=first; 2=highlight; 7=corresponding},
  corresponding_authors = {Opar},
}

@Article{Hickey2016-mc,
  title = {Representation and Manipulation of Genomic Tuples in {R}},
  author = {Peter F Hickey},
  journal = {The Journal of Open Source Software},
  year = {2016},
  keywords = {peerjournal},
  doi = {10.21105/joss.00020},
  author+an = {1=first,corresponding,highlight},
  corresponding_authors = {Hickey},
}

@Article{Hickey2019-qu,
  title = {{Pain-Free} Versus {Pain-Threshold} Rehabilitation Following
              Acute Hamstring Strain Injury: A Randomized Controlled Trial},
  author = {Jack T Hickey and Ryan G Timmins and Nirav Maniar and Ebonie Rio and Peter F Hickey and Christian A Pitcher and Morgan D Williams and David A Opar},
  journal = {The Journal of Orthopaedic and Sports Physical Therapy},
  year = {2019},
  keywords = {peerjournal},
  pubmed = {31253060},
  doi = {10.2519/jospt.2019.8895},
  author+an = {1=first;5=highlight;8=corresponding},
  corresponding_authors = {Opar},
}

@Article{Boukas2019-ps,
  title = {Coexpression patterns define epigenetic regulators associated
              with neurological dysfunction},
  author = {Leandros Boukas and James M Havrilla and Peter F Hickey and Aaron R Quinlan and Hans T Bjornsson and Kasper D Hansen},
  journal = {Genome Research},
  year = {2019},
  keywords = {peerjournal},
  pubmed = {30858344},
  pmcid = {PMC6442390},
  doi = {10.1101/gr.239442.118},
  author+an = {1=first;3=highlight;6=corresponding},
  corresponding_authors = {Hansen},
}

@Article{Rizzardi2019-hb,
  title = {Neuronal brain-region-specific {DNA} methylation and chromatin
              accessibility are associated with neuropsychiatric trait
              heritability},
  author = {Lindsay F Rizzardi and Peter F Hickey and Varenka {Rodriguez DiBlasi} and Rakel Tryggvadóttir and Colin M Callahan and Adrian Idrizi and Kasper D Hansen and Andrew P Feinberg},
  journal = {Nature Neuroscience},
  year = {2019},
  keywords = {peerjournal},
  pubmed = {30643296},
  pmcid = {PMC6348048},
  doi = {10.1038/s41593-018-0297-8},
  author+an = {1=first;2=first,highlight;7=corresponding;8=corresponding},
  first_authors = {Rizzard, Hickey},
  corresponding_authors = {Hansen, Feinberg},
}

@Article{Phelan2016-gy,
  title = {{ALPK3-deficient} cardiomyocytes generated from patient-derived
              induced pluripotent stem cells and mutant human embryonic stem
              cells display abnormal calcium handling and establish that
              {ALPK3} deficiency underlies familial cardiomyopathy},
  author = {Dean G Phelan and David J Anderson and Sara E Howden and Raymond C B Wong and Peter F Hickey and Kate Pope and Gabrielle R Wilson and Alice Pébay and Andrew M Davis and Steven Petrou and Andrew G Elefanty and Edouard G Stanley and Paul A James and Ivan Macciocca and Melanie Bahlo and Michael M Cheung and David J Amor and David A Elliott and Paul J Lockhart},
  journal = {European Heart Journal},
  year = {2016},
  keywords = {peerjournal},
  pubmed = {27106955},
  doi = {10.1093/eurheartj/ehw160},
  author+an = {1=first;5=highlight;18=corresponding;19=corresponding},
  corresponding_authors = {Elliott, Lockhart},
}

@Article{Keniry2016-qd,
  title = {Setdb1-mediated {H3K9} methylation is enriched on the inactive
              {X} and plays a role in its epigenetic silencing},
  author = {Andrew Keniry and Linden J Gearing and Natasha Jansz and Joy Liu and Aliaksei Z Holik and Peter F Hickey and Sarah A Kinkel and Darcy L Moore and Kelsey Breslin and Kelan Chen and Ruijie Liu and Catherine Phillips and Miha Pakusch and Christine Biben and Julie M Sheridan and Benjamin T Kile and Catherine Carmichael and Matthew E Ritchie and Douglas J Hilton and Marnie E Blewitt},
  journal = {Epigenetics \& Chromatin},
  year = {2016},
  keywords = {peerjournal},
  pubmed = {27195021},
  pmcid = {PMC4870784},
  doi = {10.1186/s13072-016-0064-6},
  author+an = {1=first;2=first;6=highlight;20=corresponding},
  first_authors = {Keniry, Gearing},
  corresponding_authors = {Blewitt},
}

@Article{Oey2015-ab,
  title = {Genetic and epigenetic variation among inbred mouse littermates:
              identification of inter-individual differentially methylated
              regions},
  author = {Harald Oey and Luke Isbel and Peter F Hickey and Basant Ebaid and Emma Whitelaw},
  journal = {Epigenetics \& Chromatin},
  year = {2015},
  keywords = {peerjournal},
  pubmed = {26692901},
  pmcid = {PMC4676890},
  doi = {10.1186/s13072-015-0047-z},
  author+an = {1=first;2=first;3=highlight;5=corresponding},
  first_authors = {Oey, Isbel},
  corresponding_authors = {Whitelaw},
}

@Article{Bahlo2010-tp,
  title = {Saliva-derived {DNA} performs well in large-scale, high-density
              single-nucleotide polymorphism microarray studies},
  author = {Melanie Bahlo and Jim Stankovich and Patrick Danoy and Peter F Hickey and Bruce V Taylor and Sharon R Browning and {Australian} and {ew Zealand Multiple Sclerosis Genetics Consortium (ANZgene)} and Matthew A Brown and Justin P Rubio},
  journal = {Cancer Epidemiology, Biomarkers \& Prevention},
  year = {2010},
  keywords = {peerjournal},
  pubmed = {20200434},
  doi = {10.1158/1055-9965.EPI-09-0812},
  author+an = {1=first,corresponding;4=highlight},
  corresponding_authors = {Bahlo},
}

@Article{Hickey2011-tf,
  title = {{X} chromosome association testing in genome wide association
             studies},
  author = {Peter F Hickey and Melanie Bahlo},
  journal = {Genetic Epidemiology},
  year = {2011},
  keywords = {peerjournal},
  pubmed = {21818774},
  doi = {10.1002/gepi.20616},
  author+an = {1=first,corresponding,highlight},
  corresponding_authors = {Hickey},
}

@Article{Riley2010-am,
  title = {Mutation of the mitochondrial {tyrosyl-tRNA} synthetase gene,
             {YARS2}, causes myopathy, lactic acidosis, and sideroblastic
             {anemia--MLASA} syndrome},
  author = {Lisa G Riley and Sandra Cooper and Peter F Hickey and Joëlle Rudinger-Thirion and Matthew McKenzie and Alison Compton and Sze Chern Lim and David Thorburn and Michael T Ryan and Richard Giegé and Melanie Bahlo and John Christodoulou},
  journal = {American Journal of Human Genetics},
  year = {2010},
  keywords = {peerjournal},
  pubmed = {20598274},
  pmcid = {PMC2896778},
  doi = {10.1016/j.ajhg.2010.06.001},
  author+an = {1=first;3=highlight;12=corresponding},
  corresponding_authors = {Christodoulou},
}

@Article{Lacey2015-ba,
  title = {Spontaneous retrotransposon insertion into {TNF} {3'UTR} causes
               heart valve disease and chronic polyarthritis},
  author = {Derek Lacey and Peter F Hickey and Benedicta D Arhatari and Lorraine A O'Reilly and Leona Rohrbeck and Helen Kiriazis and Xiao-Jun Du and Philippe Bouillet},
  journal = {Proceedings of the National Academy of Sciences of the United
               States of America},
  year = {2015},
  keywords = {peerjournal},
  pubmed = {26195802},
  pmcid = {PMC4534232},
  doi = {10.1073/pnas.1508399112},
  author+an = {1=first;2=highlight;8=corresponding},
  corresponding_authors = {Bouillet},
}

@Article{jiang2020quantitative,
  title = {A quantitative proteome map of the human body},
  author = {Lihua Jiang and Meng Wang and Shin Lin and Ruiqi Jian and Xiao Li and Joanne Chan and Guanlan Dong and Huaying Fang and Aaron E Robinson and François Aguet and others},
  year = {2020},
  journal = {Cell},
  keywords = {peerconsortia},
  pubmed = {32916130},
  doi = {10.1016/j.cell.2020.08.036},
}

@Article{Yang2017-qg,
  title = {Identifying cis-mediators for {trans-eQTLs} across many human
              tissues using genomic mediation analysis},
  author = {Fan Yang and Jiebiao Wang and {GTEx Consortium} and Brandon L Pierce and Lin S Chen},
  year = {2017},
  journal = {Genome Research},
  keywords = {peerconsortia},
  pubmed = {29021290},
  pmcid = {PMC5668943},
  doi = {10.1101/gr.216754.116},
}

@Article{Tukiainen2017-tb,
  title = {Landscape of {X} chromosome inactivation across human tissues},
  author = {Taru Tukiainen and Alexandra-Chloé Villani and Angela Yen and Manuel A Rivas and Jamie L Marshall and Rahul Satija and Matt Aguirre and Laura Gauthier and Mark Fleharty and Andrew Kirby and Beryl B Cummings and Stephane E Castel and Konrad J Karczewski and François Aguet and Andrea Byrnes and {GTEx Consortium} and {Laboratory, Data Analysis \& Coordinating Center (LDACC)---Analysis Working Group} and {Statistical Methods groups---Analysis Working Group} and {Enhancing GTEx (eGTEx) groups} and {NIH Common Fund} and {NIH/NCI} and {NIH/NHGRI} and {NIH/NIMH} and {NIH/NIDA} and {Biospecimen Collection Source Site---NDRI} and {Biospecimen Collection Source Site---RPCI} and {Biospecimen Core Resource---VARI} and {Brain Bank Repository---University of Miami Brain Endowment Bank} and {Leidos Biomedical---Project Management} and {ELSI Study} and {Genome Browser Data Integration \& Visualization---EBI} and {Genome Browser Data Integration \& Visualization---UCSC Genomics Institute, University of California Santa Cruz} and Tuuli Lappalainen and Aviv Regev and Kristin G Ardlie and Nir Hacohen and Daniel G MacArthur},
  year = {2017},
  journal = {Nature},
  keywords = {peerconsortia},
  pubmed = {29022598},
  pmcid = {PMC5685192},
  doi = {10.1038/nature24265},
}

@Article{Tan2017-xb,
  title = {Dynamic landscape and regulation of {RNA} editing in mammals},
  author = {Meng How Tan and Qin Li and Raghuvaran Shanmugam and Robert Piskol and Jennefer Kohler and Amy N Young and Kaiwen Ivy Liu and Rui Zhang and Gokul Ramaswami and Kentaro Ariyoshi and Ankita Gupte and Liam P Keegan and Cyril X George and Avinash Ramu and Ni Huang and Elizabeth A Pollina and Dena S Leeman and Alessandra Rustighi and Y P Sharon Goh and {GTEx Consortium} and {Laboratory, Data Analysis \& Coordinating Center (LDACC)---Analysis Working Group} and {Statistical Methods groups---Analysis Working Group} and {Enhancing GTEx (eGTEx) groups} and {NIH Common Fund} and {NIH/NCI} and {NIH/NHGRI} and {NIH/NIMH} and {NIH/NIDA} and {Biospecimen Collection Source Site---NDRI} and {Biospecimen Collection Source Site---RPCI} and {Biospecimen Core Resource---VARI} and {Brain Bank Repository---University of Miami Brain Endowment Bank} and {Leidos Biomedical---Project Management} and {ELSI Study} and {Genome Browser Data Integration \& Visualization---EBI} and {Genome Browser Data Integration \& Visualization---UCSC Genomics Institute, University of California Santa Cruz} and Ajay Chawla and Giannino {Del Sal} and Gary Peltz and Anne Brunet and Donald F Conrad and Charles E Samuel and Mary A O'Connell and Carl R Walkley and Kazuko Nishikura and Jin Billy Li},
  year = {2017},
  journal = {Nature},
  keywords = {peerconsortia},
  pubmed = {29022589},
  pmcid = {PMC5723435},
  doi = {10.1038/nature24041},
}

@Article{Saha2017-xo,
  title = {Co-expression networks reveal the tissue-specific regulation of
              transcription and splicing},
  author = {Ashis Saha and Yungil Kim and Ariel D H Gewirtz and Brian Jo and Chuan Gao and Ian C McDowell and {GTEx Consortium} and Barbara E Engelhardt and Alexis Battle},
  journal = {Genome Research},
  year = {2017},
  keywords = {peerconsortia},
  pubmed = {29021288},
  pmcid = {PMC5668942},
  doi = {10.1101/gr.216721.116},
}

@Article{Li2017-hb,
  title = {The impact of rare variation on gene expression across tissues},
  author = {Xin Li and Yungil Kim and Emily K Tsang and Joe R Davis and Farhan N Damani and Colby Chiang and Gaelen T Hess and Zachary Zappala and Benjamin J Strober and Alexandra J Scott and Amy Li and Andrea Ganna and Michael C Bassik and Jason D Merker and {GTEx Consortium} and {Laboratory, Data Analysis \& Coordinating Center (LDACC)---Analysis Working Group} and {Statistical Methods groups---Analysis Working Group} and {Enhancing GTEx (eGTEx) groups} and {NIH Common Fund} and {NIH/NCI} and {NIH/NHGRI} and {NIH/NIMH} and {NIH/NIDA} and {Biospecimen Collection Source Site---NDRI} and {Biospecimen Collection Source Site---RPCI} and {Biospecimen Core Resource---VARI} and {Brain Bank Repository---University of Miami Brain Endowment Bank} and {Leidos Biomedical---Project Management} and {ELSI Study} and {Genome Browser Data Integration \& Visualization---EBI} and {Genome Browser Data Integration \& Visualization---UCSC Genomics Institute, University of California Santa Cruz} and Ira M Hall and Alexis Battle and Stephen B Montgomery},
  journal = {Nature},
  year = {2017},
  keywords = {peerconsortia},
  pubmed = {29022581},
  pmcid = {PMC5877409},
  doi = {10.1038/nature24267},
}

@Article{GTEx_Consortium2017-za,
  title = {Genetic effects on gene expression across human tissues},
  author = {{GTEx Consortium} and {Laboratory, Data Analysis \& Coordinating Center (LDACC)---Analysis Working Group} and {Statistical Methods groups---Analysis Working Group} and {Enhancing GTEx (eGTEx) groups} and {NIH Common Fund} and {NIH/NCI} and {NIH/NHGRI} and {NIH/NIMH} and {NIH/NIDA} and {Biospecimen Collection Source Site---NDRI} and {Biospecimen Collection Source Site---RPCI} and {Biospecimen Core Resource---VARI} and {Brain Bank Repository---University of Miami Brain Endowment Bank} and {Leidos Biomedical---Project Management} and {ELSI Study} and {Genome Browser Data Integration \& Visualization---EBI} and {Genome Browser Data Integration \& Visualization---UCSC Genomics Institute, University of California Santa Cruz} and {Lead analysts:} and {Laboratory, Data Analysis \& Coordinating Center (LDACC):} and {NIH program management:} and {Biospecimen collection:} and {Pathology:} and {eQTL manuscript working group:} and Alexis Battle and Christopher D Brown and Barbara E Engelhardt and Stephen B Montgomery},
  journal = {Nature},
  year = {2017},
  keywords = {peerconsortia},
  pubmed = {29022597},
  pmcid = {PMC5776756},
  doi = {10.1038/nature24277},
}

@Article{EGTEx_Project2017-qb,
  title = {Enhancing {GTEx} by bridging the gaps between genotype, gene
              expression, and disease},
  author = {eGTEx Project},
  journal = {Nature Genetics},
  year = {2017},
  keywords = {peerconsortia},
  pubmed = {29019975},
  pmcid = {PMC6636856},
  doi = {10.1038/ng.3969},
}

@Article{Keniry2019-xt,
  title = {Xmas {ESC}: A new female embryonic stem cell system that reveals
              the {BAF} complex as a key regulator of the establishment of {X}
              chromosome inactivation},
  author = {Andrew Keniry and Natasha Jansz and Linden J Gearing and Iromi Wanigasuriya and Joseph Chen and Christian M Nefzger and Peter F Hickey and Quentin Gouil and Joy Liu and Kelsey A Breslin and Megan Iminitoff and Tamara Beck and Andres Tapia {del Fierro} and Lachlan Whitehead and Sarah A Kinkel and Phillippa C Taberlay and Tracy Willson and Miha Pakusch and Matthew E Ritchie and Douglas J Hilton and Jose M Polo and Marnie E Blewitt},
  year = {2019},
  journal = {bioRxiv},
  doi = {10.1101/768507},
  keywords = {preprint},
  note = {Preprint},
  author+an = {1=first; 7=highlight; 22=corresponding},
  corresponding_authors = {Blewitt},
}

@Article{Trevis2019-le,
  title = {Tracing Autism Traits in Large Multiplex Families to Identify
             Endophenotypes of the Broader Autism Phenotype},
  author = {Krysta J Trevis and Natasha J Brown and Cherie Green and Paul Lockhart and Peter F Hickey and Miriam Fanjul-Fernández and Catherine Bromhead and Tarishi Desai and Tanya Vick and Greta Gillies and Hayley Mountford and Elizabeth Fitzpatrick and Lavinia Gordon and Peter Hewson and Vicki Anderson and Martin B Delatycki and Ingrid E Scheffer and Sarah J Wilson},
  year = {2019},
  journal = {bioRxiv},
  doi = {10.1101/659722},
  keywords = {preprint},
  note = {Preprint},
  author+an = {1=first; 2=first; 5=highlight; 17=corresponding; 18=corresponding},
  first_authors = {Trevis, Brown},
  corresponding_authors = {Scheffer, Wilson},
}

@Article{Weber2020.11.06.371963,
  title = {Genetic demultiplexing of pooled single-cell RNA-sequencing samples in cancer facilitates effective experimental design},
  author = {Lukas M. Weber and Ariel A. Hippen and Peter F. Hickey and Kristofer C. Berrett and Jason Gertz and Jennifer Anne Doherty and Casey S. Greene and Stephanie C. Hicks},
  year = {2020},
  journal = {bioRxiv},
  doi = {10.1101/2020.11.06.371963},
  keywords = {preprint},
  note = {Preprint},
  author+an = {1=first; 3=highlight; 9=corresponding},
  first_authors = {Weber, Lukas M.},
  corresponding_authors = {Hicks, Stephanie C.},
}

@Article{Hickey2014-ba,
  title = {Genomics by the beach},
  author = {Peter F Hickey and Mark D Robinson},
  journal = {Genome biology},
  year = {2014},
  keywords = {others},
  pubmed = {25001045},
  pmcid = {PMC4053725},
  doi = {10.1186/gb4171},
  author+an = {1=highlight},
}

@PhdThesis{Hickey2015-lr,
  author = {Peter F Hickey},
  school = {Department of Mathematics and Statistics, University of Melbourne},
  title = {The statistical analysis of high-throughput assays for studying {DNA} methylation},
  url = {https://minerva-access.unimelb.edu.au/handle/11343/55699},
  year = {2015},
  keywords = {others},
  author+an = {1=highlight},
}

@MastersThesis{Hickey2009-pb,
  author = {Peter F Hickey},
  school = {Department of Mathematics and Statistics, University of Melbourne},
  title = {{X} chromosome association testing in {genome-wide} association studies},
  type = {Honours Thesis},
  year = {2009},
  keywords = {others},
  author+an = {1=highlight},
}
