@article{Hickey2014-ba,
  title    = {Genomics by the beach},
  author   = {Hickey, Peter F and Robinson, Mark D},
  journal  = {Genome biology},
  year     = {2014},
  keywords = {others},
  pubmed   = {25001045},
  pmcid    = {PMC4053725},
  doi      = {10.1186/gb4171},
  author+an =	 {1=highlight}
}

@phdthesis{Hickey2015-lr,
	Author   = {Hickey, Peter F},
  School   = {Department of Mathematics and Statistics, University of Melbourne},
	Title    = {The statistical analysis of high-throughput assays for studying {DNA} methylation},
	Url      = {https://minerva-access.unimelb.edu.au/handle/11343/55699},
	Year     = {2015},
  keywords =	 {others},
  author+an =	 {1=highlight}
}

@mastersthesis{Hickey2009-pb,
	Author   = {Hickey, Peter F},
  School   = {Department of Mathematics and Statistics, University of Melbourne},
	Title    = {{X} chromosome association testing in {genome-wide} association studies},
	Type     = {Honours Thesis},
	Year     = {2009},
  keywords =	 {others},
  author+an =	 {1=highlight}
}
