%% This BibTeX bibliography file was created using BibDesk.
%% http://bibdesk.sourceforge.net/

%% Created for Peter Hickey at 2019-05-01 16:06:27 +0900


%% Saved with string encoding Unicode (UTF-8)


@UNPUBLISHED{Seillet2019-fh,
  title    = {Vasoactive intestinal peptide confers anticipatory mucosal
              immunity by regulating {ILC3} activity},
  author   = {Seillet, Cyril and Luong, Kylie and Tellier, Julie and Jacquelot,
              Nicolas and Shen, Rui Dong and Hickey, Peter F and Wimmer,
              Verena C and Whitehead, Lachlan and Rogers, Kelly and Smyth,
              Gordon K and Garnham, Alexandra L and Ritchie, Matthew and Belz,
              Gabrielle T},
  journal  = {bioRxiv},
  month    =  {aug},
  year     =  {2019},
  doi      = {10.1101/729400}
}


@ARTICLE{Hickey2019-qu,
  title    = {Pain-Free Versus Pain-Threshold Rehabilitation Following
              Acute Hamstring Strain Injury: A Randomized Controlled Trial},
  author   = {Hickey, Jack T and Timmins, Ryan G and Maniar, Nirav and Rio,
              Ebonie and Hickey, Peter F and Pitcher, Christian A and Williams,
              Morgan D and Opar, David A},
  pages    = {1--35},
  month    =  {jun},
  year     =  2019,
  issn     = {0190-6011, 1938-1344},
  pmid     = {31253060},
  doi      = {10.2519/jospt.2019.8895},
  journal  = {The Journal of orthopaedic and sports physical therapy},
}

@UNPUBLISHED{Trevis2019-le,
  title    = {Tracing Autism Traits in Large Multiplex Families to Identify
              Endophenotypes of the Broader Autism Phenotype},
  author   = {Trevis, Krysta J and Brown, Natasha J and Green, Cherie and
              Lockhart, Paul and Hickey, Peter F. and Fanjul-Fern{\'a}ndez,
              Miriam and Bromhead, Catherine and Desai, Tarishi and Vick,
              Tanya and Gillies, Greta and Mountford, Hayley and Fitzpatrick,
              Elizabeth and Gordon, Lavinia and Hewson, Peter and Anderson,
              Vicki and Delatycki, Martin B and Scheffer, Ingrid E and Wilson,
              Sarah J},
  journal  = {bioRxiv},
  month    =  {jun},
  year     =  {2019},
  url      = {https://www.biorxiv.org/content/10.1101/659722v1.abstract},
  doi      = {10.1101/659722}
}



@article{Boukas2019,
	Author = {Leandros Boukas and James M. Havrilla and Peter F. Hickey and Aaron R. Quinlan and Hans T. Bjornsson and Kasper D. Hansen},
	Doi = {10.1101/gr.239442.118},
	Journal = {Genome Research},
	Pages = {532 - 542},
	Volume = {29},
	Month = {Mar},
	Title = {Coexpression patterns define epigenetic regulators associated with neurological dysfunction},
	Url = {https://www.ncbi.nlm.nih.gov/pubmed/30858344},
	Year = {2019}}

@article{Jansz2018,
	Author = {Natasha Jansz and Tatyana Nesterova and Andrew Keniry and Megan Iminitoff and Peter F. Hickey and Greta Pintacuda and Osamu Masui and Simon Kobelke and Niall Geoghegan and Kelsey A. Breslin and Tracy A. Willson and Kelly Rogers and Graham F. Kay and Archa H. Fox and Haruhiko Koseki and Neil Brockdorff and James M. Murphy and Marnie E. Blewitt},
	Doi = {10.1016/j.celrep.2018.10.044},
	Journal = {Cell Reports},
	Number = {7},
	Pages = {1912 - 1923.e9},
	Title = {Smchd1 Targeting to the Inactive X Is Dependent on the Xist-HnrnpK-PRC1 Pathway},
	Url = {https://www.ncbi.nlm.nih.gov/pubmed/30428357},
	Volume = {25},
	Month = {Nov},
	Year = {2018}}

@article{jansz2018smchd1,
	Author = {Natasha Jansz and Andrew Keniry and Marie Trussart and Heidi Bildsoe and Tamara Beck and Ian D. Tonks and Arne W. Mould and Peter F. Hickey and Kelsey Breslin and Megan Iminitoff and Matthew E. Ritchie and Edwina McGlinn and Graham F. Kay and James M. Murphy and Marnie E. Blewitt},
	Doi = {10.1038/s41594-018-0111-z},
	Journal = {Nature Structural \& Molecular Biology},
	Title = {Smchd1 regulates long-range chromatin interactions on the inactive X chromosome and at Hox clusters},
	Url = {https://www.ncbi.nlm.nih.gov/pubmed/30127357},
	Volume = {25},
	Pages = {766 - 777},
	Month = {Aug},
	Year = {2018}}

@article{hickey2017novel,
	Author = {Hickey, Jack T and Hickey, Peter F and Maniar, Nirav and Timmins, Ryan G and Williams, Morgan D and Pitcher, Christian A and Opar, David A},
	Journal = {Journal of Orthopaedic \& Sports Physical Therapy},
	Volume = {48},
	Number = {2},
	Pages = {72 - 80},
	Month = {Feb},
	Title = {A Novel Apparatus Measuring Knee Flexor Strength During Various Hamstring Exercises: A Reliability and Retrospective Study},
	Year = {2018},
	Doi = {10.2519/jospt.2018.7634},
	Url = {https://www.ncbi.nlm.nih.gov/pubmed/29073840}}

@unpublished{Brown2017,
	Author = {Brown, Natasha J and Hickey, Peter F and Lockhart, Paul J and Fanjul-Fern{\'a}ndez Miriam and Bromhead, Catherine and Desai, Tarishi and Vick, Tanya and Gillies, Greta and Mountford, Hayley and Fitzpatrick, Elizabeth and Gordon, Lavinia and Hewson, Peter and Anderson, Vicki and Delatycki, Martin and Bahlo, Melanie and Wilson, Sarah J and Scheffer, Ingrid E},
	Journal = {Molecular Autism},
	Note = {(submitted)},
	Title = {Tracing Autism Traits in Autosomal Dominant Families},
	Year = {2016}}

@article{eGTEx2017,
	Author = {{The eGTEx Project}},
	Doi = {10.1038/ng.3969},
	Journal = {Nature Genetics},
	Title = {Enhancing {GTEx}: Bridging the gaps between genotype, gene expression, and disease},
	Month = {Dec},
	Year = {2017},
	Volume = {49},
	Number = {12},
	Pages = {1664 - 1670},
	Url = {https://www.ncbi.nlm.nih.gov/pubmed/29019975}}

@inproceedings{Phelan2014-pw,
	Author = {Phelan, Dean G and Wilson, Gabrielle R and Sim, Joe and Bahlo, Melanie and Hickey, Peter F and James, Paul A and du Sart, Desiree and Delatyki, Martin and Amor, David J and Lockhart, Paul J},
	Booktitle = {Global Heart},
	Doi = {10.1016/j.gheart.2014.03.2365},
	Editor = {Global Heart},
	Number = {1},
	Pages = {e316},
	Title = {Identification and characterisation of a novel hypertrophic cardiomyopathy gene},
	Volume = {9},
	Year = {2014}}

@inproceedings{Scheffer2016-vi,
	Author = {Scheffer, Ingrid and Williams, K and Green, Cherie and Pereira, Keri and Brown, Natasha J and Hickey, Peter F and Lukic, Vesna and Gillies, Greta and Delatycki, Martin and Lockhart, Paul J and Bahlo, Melanie and Wilson, Sarah J},
	Booktitle = {Journal of Intellectual Disability Research},
	Doi = {10.1111/jir.12305},
	Editor = {Journal of Intellectual Disability Research},
	Number = {7},
	Pages = {732},
	Title = {The Victorian Collaborative Autism Study: A family and community study of the genetics of autism spectrum disorder},
	Volume = {60},
	Year = {2016}}

@article{Hickey2017-gt,
	Author = {Hickey, Peter F},
	Doi = {10.21105/joss.00020},
	Journal = {The Journal of Open Source Software},
	Month = {May},
	Number = {1},
	Publisher = {The Open Journal},
	Title = {Representation and manipulation of genomic tuples in {R}},
	Url = {https://doi.org/10.21105/joss.00020},
	Volume = {1},
	Year = {2016}}

@article{Rizzardi2019-hi,
	Author = {Rizzardi, Lindsay F and Hickey, Peter F and Rodriguez DiBlasi, Varenka and Tryggvad{\'o}ttir, Rakel and Callahan, Colin M and Idrizi, Adrian and Hansen, Kasper D and Feinberg, Andrew P},
	Doi = {10.1038/s41593-018-0297-8},
	Journal = {Nature Neuroscience},
	Month = {Feb},
	Number = {2},
	Pages = {307 - 316},
	Title = {Neuronal brain-region-specific DNA methylation and chromatin accessibility are associated with neuropsychiatric trait heritability},
	Url = {https://www.ncbi.nlm.nih.gov/pubmed/30643296},
	Volume = {22},
	Year = {2019}}

@phdthesis{Hickey2015-lr,
	Author = {Hickey, Peter F},
	School = {Department of Mathematics and Statistics, The University of Melbourne},
	Title = {The statistical analysis of high-throughput assays for studying {DNA} methylation},
	Url = {https://minerva-access.unimelb.edu.au/handle/11343/55699},
	Year = 2015}

@article{Phelan2016-gy,
	Author = {Phelan, Dean G and Anderson, David J and Howden, Sara E and Wong, Raymond C B and Hickey, Peter F and Pope, Kate and Wilson, Gabrielle R and P{\'e}bay, Alice and Davis, Andrew M and Petrou, Steven and Elefanty, Andrew G and Stanley, Edouard G and James, Paul A and Macciocca, Ivan and Bahlo, Melanie and Cheung, Michael M and Amor, David J and Elliott, David A and Lockhart, Paul J},
	Doi = {10.1093/eurheartj/ehw160},
	Journal = {European Heart Journal},
	Month = {Sep},
	Number = {33},
	Pages = {2586 - 2590},
	Title = {{ALPK3-deficient} cardiomyocytes generated from patient-derived induced pluripotent stem cells and mutant human embryonic stem cells display abnormal calcium handling and establish that {ALPK3} deficiency underlies familial cardiomyopathy},
	Url = {https://www.ncbi.nlm.nih.gov/pubmed/27106955},
	Volume = {37},
	Year = {2016}}

@article{Keniry2016-qd,
	Author = {Keniry, Andrew and Gearing, Linden J and Jansz, Natasha and Liu, Joy and Holik, Aliaksei Z and Hickey, Peter F and Kinkel, Sarah A and Moore, Darcy L and Breslin, Kelsey and Chen, Kelan and Liu, Ruijie and Phillips, Catherine and Pakusch, Miha and Biben, Christine and Sheridan, Julie M and Kile, Benjamin T and Carmichael, Catherine and Ritchie, Matthew E and Hilton, Douglas J and Blewitt, Marnie E},
	Doi = {10.1186/s13072-016-0064-6},
	Journal = {Epigenetics \& Chromatin},
	Month = {May},
	Pages = {16},
	Title = {Setdb1-mediated {H3K9} methylation is enriched on the inactive {X} and plays a role in its epigenetic silencing},
	Url = {https://www.ncbi.nlm.nih.gov/pubmed/27195021},
	Volume = {9},
	Year = {2016}}

@article{Oey2015-ab,
	Author = {Oey, Harald and Isbel, Luke and Hickey, Peter F and Ebaid, Basant and Whitelaw, Emma},
	Doi = {10.1186/s13072-015-0047-z},
	Journal = {Epigenetics \& Chromatin},
	Month = {Dec},
	Pages = {54},
	Title = {Genetic and epigenetic variation among inbred mouse littermates: identification of inter-individual differentially methylated regions},
	Url = {https://www.ncbi.nlm.nih.gov/pubmed/26692901},
	Volume = {8},
	Year = {2015}}

@misc{Hickey2014-ba,
	Author = {Hickey, Peter F and Robinson, Mark D},
	Doi = {10.1186/gb4171},
	Journal = {Genome Biology},
	Month = {Apr},
	Number = {4},
	Pages = {304},
	Title = {Genomics by the beach},
	Url = {https://www.ncbi.nlm.nih.gov/pubmed/25001045},
	Volume = {15},
	Year = {2014}}

@article{Bahlo2010-tp,
	Author = {Bahlo, Melanie and Stankovich, Jim and Danoy, Patrick and Hickey, Peter F and Taylor, Bruce V and Browning, Sharon R and {Australian \& New Zealand Multiple Sclerosis Genetics Consortium (ANZgene)} and Brown, Matthew A and Rubio, Justin P},
	Journal = {Cancer Epidemiology, Biomarkers \& Prevention},
	Month = {Mar},
	Number = {3},
	Pages = {794 - 798},
	Title = {Saliva-derived {DNA} performs well in large-scale, high-density single-nucleotide polymorphism microarray studies},
	Doi = {10.1158/1055-9965.EPI-09-0812},
	Url = {https://www.ncbi.nlm.nih.gov/pubmed/20200434},
	Volume = {19},
	Year = {2010}}

@article{Hickey2011-tf,
	Author = {Hickey, Peter F and Bahlo, Melanie},
	Doi = {10.1002/gepi.20616},
	Journal = {Genetic Epidemiology},
	Month = {Nov},
	Number = {7},
	Pages = {664 - 670},
	Title = {{X} chromosome association testing in genome wide association studies},
	Doi = {10.1002/gepi.20616},
	Url = {https://www.ncbi.nlm.nih.gov/pubmed/21818774},
	Volume = {35},
	Year = {2011}}

@article{Riley2010-am,
	Author = {Riley, Lisa G and Cooper, Sandra and Hickey, Peter F and Rudinger-Thirion, Jo{\"e}lle and McKenzie, Matthew and Compton, Alison and Lim, Sze Chern and Thorburn, David and Ryan, Michael T and Gieg{\'e}, Richard and Bahlo, Melanie and Christodoulou, John},
	Doi = {10.1016/j.ajhg.2010.06.001},
	Journal = {American Journal of Human Genetics},
	Month = {Jul},
	Number = {1},
	Pages = {52 - 59},
	Title = {Mutation of the mitochondrial {tyrosyl-tRNA} synthetase gene, {YARS2}, causes myopathy, lactic acidosis, and sideroblastic {anemia--MLASA} syndrome},
	Doi = {10.1016/j.ajhg.2010.06.001},
	Url = {https://www.ncbi.nlm.nih.gov/pubmed/20598274},
	Volume = {87},
	Year = {2010}}

@article{Lacey2015-ba,
	Author = {Lacey, Derek and Hickey, Peter F and Arhatari, Benedicta D and O'Reilly, Lorraine A and Rohrbeck, Leona and Kiriazis, Helen and Du, Xiao-Jun and Bouillet, Philippe},
	Doi = {10.1073/pnas.1508399112},
	Journal = {Proceedings of the National Academy of Sciences of the United States of America},
	Month = {Aug},
	Number = 31,
	Pages = {9698 - 9703},
	Title = {Spontaneous retrotransposon insertion into {TNF} {3'UTR} causes heart valve disease and chronic polyarthritis},
	Doi = {10.1073/pnas.1508399112},
	Url = {https://www.ncbi.nlm.nih.gov/pubmed/26195802},
	Volume = {112},
	Year = {2015}}

@mastersthesis{Hickey2009-pb,
	Affiliation = {Department of Mathematics and Statistics, The University of Melbourne},
	Author = {Hickey, Peter F},
	Editor = {Bahlo, Melanie and Huggins, Richard},
	Month = {Nov},
	School = {Department of Mathematics and Statistics, The University of Melbourne},
	Title = {{X} chromosome association testing in {genome-wide} association studies},
	Type = {Honours Thesis},
	Year = {2009}}
